<?xml version="1.0" encoding="UTF-8"?><record xmlns="http://www.loc.gov/MARC21/slim" xmlns:cinclude="http://apache.org/cocoon/include/1.0" xmlns:zs="http://www.loc.gov/zing/srw/">
  <leader>00407cz  a2200133n  4500</leader>
  <controlfield tag="001">n 2007207734</controlfield>
  <controlfield tag="003">DLC</controlfield>
  <controlfield tag="005">20160716091342.0</controlfield>
  <controlfield tag="008">070405n| azannaabn          |a aaa      </controlfield>
  <datafield tag="010" ind1=" " ind2=" ">
    <subfield code="a">n 2007207734</subfield>
  </datafield>
  <datafield tag="040" ind1=" " ind2=" ">
    <subfield code="a">DLC</subfield>
    <subfield code="b">eng</subfield>
    <subfield code="c">DLC</subfield>
    <subfield code="d">DLC</subfield>
    <subfield code="e">rda</subfield>
  </datafield>
  <datafield tag="100" ind1="0" ind2=" ">
    <subfield code="a">Téwodros Tasfāyé</subfield>
  </datafield>
  <datafield tag="400" ind1="1" ind2=" ">
    <subfield code="a">Tasfāyé, Téwodros</subfield>
  </datafield>
  <datafield tag="670" ind1=" " ind2=" ">
    <subfield code="a">Nayeleñ ʼabro ʼadagé ʼenā ʼAbreš Zagét, 2005:</subfield>
    <subfield code="b">credits (Téwodros Tasfāyé)</subfield>
  </datafield>
</record>